@inproceedings{cvpr12ArandjelovicThreeThings,
  author={Relja  Arandjelovic and Andrew Zisserman},
  booktitle={CVPR},
  title={Three things everyone should know to improve object retrieval},
  year={2012},
}

%2
@article{jae05HolmbergAstroWhaleShark,
  author = {Arzoumanian, Z. and Holmberg, J. and Norman, B.},
  title = {An astronomical pattern-matching algorithm for computer-aided identification of whale sharks Rhincodon typus},
  journal={Journal of Applied Ecology},
  year = {2005},
}

@inproceedings{cvpr08BoimanInDefenseNN,
  author={Boiman, O. and Shechtman, E. and Irani, M.},
  booktitle={CVPR}, title={In defense of Nearest-Neighbor based image classification},
  year={2008},
}

%4
@misc{
  11BoldgerWILDID,
  author = {Bolger and Vance and Morrison and Farid},
  title = {Wild-ID User Guide: Pattern Extraction and Matching Software for Computer-Assisted Photographic Mark-Recapture Analysis},
  year = {2011},
  howpublished = {\url{http://software.dartmouth.edu/Macintosh/Academic/Wild-ID_1.0.0.zip}},
}

@inproceedings{si04BradfieldFrogPhoto,
  title={Photographic identification of individual Archey's frogs},
  author={K. Bradfield},
  year={2004},
  booktitle={Science Internal Series},
}

@inproceedings{cvpr12ChumTotalRecallII,
  author={Chum and Mikulik and Perd\`{o}ch and Matas},
  booktitle={CVPR},
  title={Total recall II: Query expansion revisited},
  year={2011},
}

@inproceedings{accv04ChumLORANSAC,
  author={O. Chum, and J. Matas, and S. Obdrzalek},
  booktitle={ACCV},
  title={Enhancing RANSAC by generalized model optimization.},
  year={2004},
}

@inproceedings{accv04ChumLORANSAC,
  author={O. Chum, and J. Matas, and S. Obdrzalek},
  booktitle={ACCV},
  title={Enhancing RANSAC by generalized model optimization.},
  year={2004},
}

@inproceedings{wsb94ElbinMicrochipIden,
  author = {Susan B. Elbin and Joanna Burger},
  title = {In My Experience: Implantable Microchips for Individual Identification in Wild and Captive Populations},
  booktitle = {Wildlife Society Bulletin},
  year = {1994},
}

%9
@article{ijcv09JegouDouzeSchmidImprovBOF,
title={Improving bag-of-features for large scale image search},
  author={J{\'e}gou, H. and Douze, M. and Schmid, C.},
  journal={IJCV},
  year={2010},
}

%10
@article{pami11JegouDouzeSchmidProdQuant,
  author={J\'{e}gou, H. and Douze, M. and Schmid, C.},
  journal={PAMI},
  title={Product Quantization for Nearest Neighbor Search},
  year={2011}
}

@inproceedings{icmr11LahiriStripeSpotter,
  title={Biometric Animal Databases from Field Photographs: Identification of Individual Zebra in the Wild},
  author={M. Lahiri and C. Tantipathananandh and R. Warungu and D.I. Rubenstein and T.Y. Berger-Wolf},
  year={2011},
  booktitle={ICMR},
  
}

@inproceedings{cvpr06SchmidBeyondBOF,
  author={Lazebnik, S. and Schmid, C. and Ponce, J.},
  booktitle={CVPR},
  title={Beyond Bags of Features: Spatial Pyramid Matching for Recognizing Natural Scene
    Categories},
  year={2006},
}

@article{pami11JegouDouzeSchmidProdQuant,
  author={J\'{e}gou, H. and Douze, M. and Schmid, C.},
  booktitle={PAMI},
  title={Product Quantization for Nearest Neighbor Search},
  year={2011}
}

@article{ijcv04LoweSIFT,
  author  = {Lowe, David G.},
  title   = {Distinctive Image Features from Scale-Invariant Keypoints},
  journal = {IJCV},
  year    = {2004}
}

@article{cvpr11McCannLNBNN,
  author    = {Sancho McCann and David G. Lowe},
  title     = {Local Naive Bayes Nearest Neighbor for Image Classification},
  journal   = {CVPR},
  year      = {2011}
}

@article{ijcv05MikolajczykAffineRegion,
  author = {Mikolajczyk, K. and Tuytelaars, T. and Schmid, C. and Zisserman, A. and Matas, J. and Schaffalitzky, F. and Kadir, T. and Gool, L.},
  title = {A Comparison of Affine Region Detectors},
  journal={IJCV},
  year = {2005}
}

%16
@article{joae12MorrisonWetSeason,
  author = {Morrison, T.A. and Bolger, D.T.},
  title = {Wet season range fidelity in a tropical migratory ungulate},
  journal={Journal of Animal Ecology},
  year={2012},
  
}

@inproceedings{cvpr06NisterSteweniusVocabTree,
  author={Nister, D. and Stewenius, H.},
  booktitle={CVPR},
  title={Scalable Recognition with a Vocabulary Tree},
  year={2006},
}

@inproceedings{cvpr09PerdochEfficRep,
  author={Perd\`{o}ch, M. and Chum, O. and Matas, J.},
  booktitle={CVPR},
  title={Efficient representation of local geometry for large scale object retrieval},
  year={2009},
  month={june},
}

@inproceedings{cvpr07PhilbinObjRetriev,
  author={Philbin, J. and Chum, O. and Isard, M. and Sivic, J. and Zisserman, A.},
  booktitle={CVPR},
  title={Object retrieval with large vocabularies and fast spatial matching},
  year={2007},
}

@inproceedings{ipc10SherleyCVPenguin,
  author={Richard B Sherley and  Tilo Burghardt and  Peter J Barham and Innes C Cuthill},
  title={Computer Vision Monitoring of African Penguins Spheniscus demersus: New Data on the Field Capacity from Robben Island},
  booktitle={IPC},
  year={2010},
}

%21
@article{aje09ShorrocksNeckNet,
  author = {Shorrocks, Bryan and Croft, Darren P.},
  title = {Necks and networks: a preliminary study of population structure in the reticulated giraffe (Giraffa camelopardalis reticulata de Winston)},
  journal={African Journal of Ecology},
  
  year = {2009}
}

@article{hartley1997defense,
  title={In defense of the eight-point algorithm},
  author={Hartley, R.I.},
  journal={PAMI},
  year={1997},
}

@inproceedings{iccv07ChumTotalRecall,
  author={Chum, O. and Philbin, J. and Sivic, J. and Isard, M. and Zisserman, A.},
  booktitle={ICCV},
  title={Total Recall: Automatic Query Expansion with a Generative Feature Model for Object Retrieval},
  year={2007}
}

@article{japm79DuchonLanczos,
  title={Lanczos filtering in one and two dimensions},
  author={Duchon, C.E.},
  booktitle={Journal of Applied Meteorology},
  year={1979}
}

@inproceedings{cvpr08HartleyKDTree,
  author={Silpa-Anan, C. and Hartley, R.},
  booktitle={CVPR},
  title={Optimised KD-trees for fast image descriptor matching},
  year={2008},
}


@inproceedings{iccv03SivicZissermanVideoGoogle,
  author={Sivic, J. and Zisserman, A.},
  booktitle={ICCV},
  title={Video Google: a text retrieval approach to object matching in videos},
  year={2003},
}

@Article{fiz07SpeedSpotMatch,
  AUTHOR = {Speed, Conrad and Meekan, Mark and Bradshaw, Corey},
  TITLE = {Spot the match - wildlife photo-identification using information theory},
  JOURNAL = {Frontiers in Zoology},
  YEAR = {2007},
}

@inproceedings{picm10VedaldiVLFEAT,
  author={Vedaldi, Andrea and Fulkerson, Brian},
  title={VlFeat: an open and portable library of computer vision algorithms},
  booktitle={MMM},
  year={2010}
}

%26
@article{williams2002status,
  title={Status and action plan for the Grevy's zebra (Equus grevyi)},
  author={Williams, S.D.},
  journal={Equids: Zebras, Asses, and Horses},
  
  year={2002}
}

@inproceedings{acmss04ZhangZebraNet,
  author = {Zhang, Pei and Sadler, Christopher M. and Lyon, Stephen A. and Martonosi, Margaret},
  title = {Hardware design experiences in ZebraNet},
  booktitle={Embedded networked sensor systems},
  year={2004},
  organization={ACM}
}
