@string{cvpr="IEEE Conference on Computer Vision And Pattern Recognition (CVPR)"}

@string{equids="Equids: Zebras, Asses, and Horses: Status Survey and Conservation Action Plan (Equids)"}


@article{williams2002status,
  title={Status and action plan for the Grevy’s zebra (Equus grevyi)},
  author={Williams, S.D.},
  journal={equids},
  pages={11--27},
  year={2002}
}

@article{japm79DuchonLanczos,
  title={Lanczos filtering in one and two dimensions},
  author={Duchon, C.E.},
  journal={Journal of Applied Meteorology},
  volume={18},
  number={8},
  pages={1016--1022},
  year={1979}
}

@article{jae05HolmbergAstroWhaleShark,
  author = {Arzoumanian, Z. and Holmberg, J. and Norman, B.},
  title = {An astronomical pattern-matching algorithm for computer-aided identification of whale sharks Rhincodon typus},
  journal = {Journal of Applied Ecology},
  volume = {42},
  number = {6},
  publisher = {Blackwell Science Ltd},
  issn = {1365-2664},
  url = {http://dx.doi.org/10.1111/j.1365-2664.2005.01117.x},
  doi = {10.1111/j.1365-2664.2005.01117.x},
  pages = {999--1011},
  keywords = {conservation, marine and fisheries management, mark–recapture, photographic identification, population studies },
  year = {2005},
}


@inproceedings{wsb94ElbinMicrochipIden,
  author = {Susan B. Elbin and Joanna Burger},
  title = {In My Experience: Implantable Microchips for Individual Identification in Wild and Captive Populations},
  booktitle = {Wildlife Society Bulletin},
  series = {SenSys '04},
  year = {1994},
  location = {Baltimore, MD, USA},
  pages = {677-–683},
  numpages = {6},
  url = {http://www.jstor.org/stable/3783097},
  publisher = {Allen Press}
}


@inproceedings{ipc10SherleyCVPenguin,
  author={Richard B Sherley and  Tilo Burghardt and  Peter J Barham and Innes C Cuthill},
  title={Computer Vision Monitoring of African Penguins Spheniscus demersus: New Data on the Field Capacity from Robben Island},
  booktitle={7th International Penguin Conference (IPC2010)},
  publisher={NEA, Boston, MA USA},
  month={August},
  year={2010},
  abstract-url={http://www.cs.bris.ac.uk/Publications/pub_master.jsp?id=2001193},
  keyword={Computer Vision,Pattern Matching},
  pubtype={102}
}

@inproceedings{censs04ZhangZebraNet,
  author = {Zhang, Pei and Sadler, Christopher M. and Lyon, Stephen A. and Martonosi, Margaret},
  title = {Hardware design experiences in ZebraNet},
  booktitle = {Proceedings of the 2nd international conference on Embedded networked sensor systems},
  series = {SenSys '04},
  year = {2004},
  isbn = {1-58113-879-2},
  location = {Baltimore, MD, USA},
  pages = {227--238},
  numpages = {12},
  url = {http://doi.acm.org/10.1145/1031495.1031522},
  doi = {10.1145/1031495.1031522},
  acmid = {1031522},
  publisher = {ACM},
  address = {New York, NY, USA},
  keywords = {GPS, ZebraNet, sensor deployment, sensor networks},
}


@article{aje09ShorrocksNeckNet,
  author = {Shorrocks, Bryan and Croft, Darren P.},
  title = {Necks and networks: a preliminary study of population structure in the reticulated giraffe (Giraffa camelopardalis reticulata de Winston)},
  journal = {African Journal of Ecology},
  volume = {47},
  number = {3},
  publisher = {Blackwell Publishing Ltd},
  issn = {1365-2028},
  url = {http://dx.doi.org/10.1111/j.1365-2028.2008.00984.x},
  doi = {10.1111/j.1365-2028.2008.00984.x},
  pages = {374--381},
  keywords = {group size, Kenya, reticulated giraffe, social networks, spacing},
  year = {2009}
}


@inproceedings{si04BradfieldFrogPhoto,
  title={Photographic identification of individual Archey’s frogs},
  author={K. Bradfield},
  year={2004},
  booktitle={Doc. Science Internal Series 191, Dept. of Conservation, New Zealand},
}

@inproceedings{icmr11LahiriStripeSpotter,
  title={Biometric Animal Databases from Field Photographs: Identification of Individual Zebra in the Wild},
  author={M. Lahiri and C. Tantipathananandh and R. Warungu and D.I. Rubenstein and T.Y. Berger-Wolf},
  year={2011},
  booktitle={Proceedings of the ACM International Conference on Multimedia Retrieval (ICMR 2011)},
  publisher={ACM Press}
}

@Article{fiz07SpeedSpotMatch,
  AUTHOR = {Speed, Conrad and Meekan, Mark and Bradshaw, Corey},
  TITLE = {Spot the match - wildlife photo-identification using information theory},
  JOURNAL = {Frontiers in Zoology},
  VOLUME = {4},
  YEAR = {2007},
  NUMBER = {1},
  PAGES = {2},
  URL = {http://www.frontiersinzoology.com/content/4/1/2},
  DOI = {10.1186/1742-9994-4-2},
  PubMedID = {17227581},
  ISSN = {1742-9994},
}

@article{joae12MorrisonWetSeason,
  author = {Morrison, Thomas A. and Bolger, Douglas T.},
  title = {Wet season range fidelity in a tropical migratory ungulate},
  journal = {Journal of Animal Ecology},
  volume = {81},
  number = {3},
  publisher = {Blackwell Publishing Ltd},
  issn = {1365-2656},
  url = {http://dx.doi.org/10.1111/j.1365-2656.2011.01941.x},
  doi = {10.1111/j.1365-2656.2011.01941.x},
  pages = {543--552},
  keywords = {breeding, migration, reproduction, residency, Tarangire National Park},
  year = {2012},
}

@manual{
  11BoldgerWILDID,
  author = {Bolger, Vance, Morrison, Farid},
  title = {Wild-ID User Guide: Pattern Extraction and Matching Software for Computer-Assisted Photographic Mark-Recapture Analysis},
  year = {2011},
  howpublished = {\url{http://software.dartmouth.edu/Macintosh/Academic/Wild-ID_1.0.0.zip}},
}



@inproceedings{cvpr11ZhangGeoPreserve,
  author={Yimeng Zhang and Zhaoyin Jia and Tsuhan Chen},
  booktitle={cvpr},
  title={Image retrieval with geometry-preserving visual phrases},
  year={2011},
  month={june},
  volume={},
  number={},
  pages={809 -816},
  keywords={Flicker 1M dataset;GVP based searching algorithm;Oxford 5K dataset;RANSAC spatial verification;bag-of-visual-word representation;geometry-preserving visual phrase;image
    representation;image retrieval;min-hash method;random sample consensus;image representation;image retrieval;},
  doi={10.1109/CVPR.2011.5995528},
  ISSN={1063-6919}
}

@inproceedings{cvpr09ZhangEfficentKernels,
  author={Yimeng Zhang and Tsuhan Chen},
  booktitle={cvpr},
  title={Efficient Kernels for identifying unbounded-order spatial features},
  year={2009},
  month={june},
  volume={},
  number={},
  pages={1762 -1769},
  keywords={bag-of-local-feature model;computational complexity;higher-order spatial feature;image feature vector;kernel-based learning algorithm;unbounded-order spatial feature
    identification;computational complexity;image processing;learning (artificial intelligence);},
  doi={10.1109/CVPR.2009.5206791},
  ISSN={1063-6919}
}

@inproceedings{cvpr11BhattacharyaProbRep,
  author={Bhattacharya, S. and Sukthankar, R. and Rong Jin and Shah, M.},
  booktitle={cvpr},
  title={A probabilistic representation for efficient large scale visual recognition tasks},
  year={2011},
  month={june},
  volume={},
  number={},
  pages={2593 -2600},
  keywords={BoW;bag-of-visual words;image representation;large scale visual recognition;maximum likelihood estimation;probabilistic representation;visual classification;vocabulary
    generation;image recognition;image representation;maximum likelihood estimation;},
  doi={10.1109/CVPR.2011.5995746},
  ISSN={1063-6919}
}


@article{ijcv05MikolajczykAffineRegion,
  author = {Mikolajczyk, K. and Tuytelaars, T. and Schmid, C. and Zisserman, A. and Matas, J. and Schaffalitzky, F. and Kadir, T. and Gool, L.},
  affiliation = {University of Oxford OX1 3PJ Oxford United Kingdom OX1 3PJ Oxford United Kingdom},
  title = {A Comparison of Affine Region Detectors},
  journal = {ijcv},
  publisher = {Springer Netherlands},
  issn = {0920-5691},
  keyword = {Computer Science},
  pages = {43-72},
  volume = {65},
  issue = {1},
  url = {http://dx.doi.org/10.1007/s11263-005-3848-x},
  note = {10.1007/s11263-005-3848-x},
  year = {2005}
}

@inproceedings{cvpr09PerdochEfficRep,
  author={Perdoch, M. and Chum, O. and Matas, J.},
  booktitle={cvpr},
  title={Efficient representation of local geometry for large scale object retrieval},
  year={2009},
  month={june},
  volume={},
  number={},
  pages={9 -16},
  keywords={discretized local geometry representation;gravity vector assumption;image retrieval;large scale object retrieval;computational geometry;image retrieval;vectors;},
  doi={10.1109/CVPR.2009.5206529},
  ISSN={1063-6919}
}



@inproceedings{cvpr10JegouVLAD,
  author={J\'{e}gou, H. and Douze, M. and Schmid, C. and Pérez, P.},
  booktitle={cvpr},
  title={Aggregating local descriptors into a compact image representation},
  year={2010},
  month={june},
  volume={},
  number={},
  pages={3304 -3311},
  keywords={Fisher kernel representation;bag-of-features;compact image representation;image database;image search;local descriptors;image representation;image retrieval;pattern
    clustering;},
  doi={10.1109/CVPR.2010.5540039},
  ISSN={1063-6919}
}

@inproceedings{iccv09MujaFLANN,
  author    = {Marius Muja and David G. Lowe},
  title     = {Fast Approximate Nearest Neighbors with Automatic Algorithm Configuration},
  booktitle = {International Conference on Computer Vision Theory and Application
    VISSAPP'09)},
  publisher = {INSTICC Press},
  year      = {2009},
  pages     = {331-340}
}

@article{cvpr11McCannLNBNN,
  author    = {Sancho McCann and
    David G. Lowe},
  title     = {Local Naive Bayes Nearest Neighbor for Image Classification},
  journal   = {CoRR},
  volume    = {abs/1112.0059},
  year      = {2011},
  ee        = {http://arxiv.org/abs/1112.0059},
  bibsource = {DBLP, http://dblp.uni-trier.de}
}

@INPROCEEDINGS{cvpr06SchmidBeyondBOF,
  author={Lazebnik, S. and Schmid, C. and Ponce, J.},
  booktitle={Computer Vision and Pattern Recognition, 2006 IEEE Computer Society Conference on}, title={Beyond Bags of Features: Spatial Pyramid Matching for Recognizing Natural Scene
    Categories},
  year={2006},
  month={},
  volume={2},
  number={},
  pages={ 2169 - 2178},
  doi={10.1109/CVPR.2006.68},
  ISSN={1063-6919}
}

@inproceedings{picm10VedaldiVLFEAT,
  author = {Vedaldi, Andrea and Fulkerson, Brian},
  title = {Vlfeat: an open and portable library of computer vision algorithms},
  booktitle = {Proceedings of the international conference on Multimedia},
  series = {MM '10},
  year = {2010},
  isbn = {978-1-60558-933-6},
  location = {Firenze, Italy},
  pages = {1469--1472},
  numpages = {4},
  url = {http://doi.acm.org/10.1145/1873951.1874249},
  doi = {10.1145/1873951.1874249},
  acmid = {1874249},
  publisher = {ACM},
  address = {New York, NY, USA},
}


@incollection{eccv10RegisToOptBayes,
  author = {Behmo, Régis and Marcombes, Paul and Dalalyan, Arnak and Prinet, Véronique},
  affiliation = {NLPR / LIAMA, Institute of Automation, Chinese Academy of Sciences},
  title = {Towards Optimal Naive Bayes Nearest Neighbor},
  booktitle = {Computer Vision – ECCV 2010},
  series = {Lecture Notes in Computer Science},
  editor = {Daniilidis, Kostas and Maragos, Petros and Paragios, Nikos},
  publisher = {Springer Berlin / Heidelberg},
  isbn = {978-3-642-15560-4},
  keyword = {Computer Science},
  pages = {171-184},
  volume = {6314},
  url = {http://dx.doi.org/10.1007/978-3-642-15561-1_13},
  note = {10.1007/978-3-642-15561-1_13},
  year = {2010}
}




@inproceedings{iccv09TurcotRobustFeatures,
  author={Turcot, P. and Lowe, D.G.},
  booktitle={Computer Vision Workshops (ICCV Workshops), 2009 IEEE 12th International Conference on}, title={Better matching with fewer features: The selection of useful features in large
    database recognition problems},
  year={2009},
  month={27 2009-oct. 4},
  volume={},
  number={},
  pages={2109 -2116},
    preprocessing step;visual words;image matching;object recognition;visual databases;},
  doi={10.1109/ICCVW.2009.5457541},
  ISSN={}
}


@inproceedings{cvpr12ArandjelovicThreeThings,
  author={Relja  Arandjelovic and Andrew Zisserman},
  booktitle={Computer Vision and Pattern Recognition, 2012, CVPR 2012. IEEE Conference on},
  title={Three things everyone should know to improve object retrieval},
  year={2012},
  volume={},
  number={},
  pages={1 - 8}
}


@inproceedings{cvpr12ChumTotalRecallII,
  author={Chum, Mikulik, Perdoch, Matas},
  booktitle={Computer Vision and Pattern Recognition, 2012, CVPR 2012. IEEE Conference on},
  title={Total recall II: Query expansion revisited},
  year={2011},
  volume={},
  number={},
  pages={1 - 8}
}

@inproceedings{iccv07ChumTotalRecall,
  author={Chum, O. and Philbin, J. and Sivic, J. and Isard, M. and Zisserman, A.},
  booktitle={Computer Vision, 2007. ICCV 2007. IEEE 11th International Conference on},
  title={Total Recall: Automatic Query Expansion with a Generative Feature Model for Object Retrieval},
  year={2007},
  month={oct.},
  volume={},
  number={},
  pages={1 -8},
    expansion;total recall;visual domain;image retrieval;relevance feedback;very large databases;visual databases;},
  doi={10.1109/ICCV.2007.4408891},
  ISSN={1550-5499}
}

@inproceedings{cvpr09PerdochEfficientRep,
  author={Perdoch, M. and Chum, O. and Matas, J.},
  booktitle={Computer Vision and Pattern Recognition, 2009. CVPR 2009. IEEE Conference on},
  title={Efficient representation of local geometry for large scale object retrieval},
  year={2009},
  month={june},
  volume={},
  number={},
  pages={9 -16},
  doi={10.1109/CVPR.2009.5206529},
  ISSN={1063-6919}
}

@incollection{eccv10MikulikFineVocab,
  author = {Mikulík, Andrej and Perdoch, Michal and Chum, Ondrej and Matas, Jirí},
  affiliation = {CMP, Dept. of Cybernetics, Faculty of EE, Czech Technical University in Prague},
  title = {Learning a Fine Vocabulary},
  booktitle = {Computer Vision – ECCV 2010},
  series = {Lecture Notes in Computer Science},
  editor = {Daniilidis, Kostas and Maragos, Petros and Paragios, Nikos},
  publisher = {Springer Berlin / Heidelberg},
  isbn = {978-3-642-15557-4},
  keyword = {Computer Science},
  pages = {1-14},
  volume = {6313},
  year = {2010}
}

@article{hartley1997defense,
  title={In defense of the eight-point algorithm},
  author={Hartley, R.I.},
  journal={Pattern Analysis and Machine Intelligence, IEEE Transactions on},
  volume={19},
  number={6},
  pages={580--593},
  year={1997},
  publisher={IEEE}
}

@article{ijcv09JegouDouzeSchmidImprovBOF,
  author = {Jégou, Hervé and Douze, Matthijs and Schmid, Cordelia},
  affiliation = {INRIA Grenoble Rhône-Alpes 655 Avenue de l’Europe, Montbonnot Saint-Ismier Cedex 38334 France},
  title = {Improving Bag-of-Features for Large Scale Image Search},
  journal = {International Journal of Computer Vision},
  publisher = {Springer Netherlands},
  issn = {0920-5691},
  keyword = {Computer Science},
  pages = {316-336},
  volume = {87},
  issue = {3},
  url = {http://dx.doi.org/10.1007/s11263-009-0285-2},
  note = {10.1007/s11263-009-0285-2},
  year = {2010}
}

@article{pami11JegouDouzeSchmidProdQuant,
  author={Jégou, H. and Douze, M. and Schmid, C.},
  journal={Pattern Analysis and Machine Intelligence, IEEE Transactions on},
  title={Product Quantization for Nearest Neighbor Search},
  year={2011},
  month={jan. },
  volume={33},
  number={1},
  pages={117 -128},
  keywords={Cartesian product;Euclidean distance;GIST image descriptor;SIFT image descriptor;approximate nearest neighbor search;image indexing;inverted file system;low-dimensional
    subspace;product quantization;subspace quantization index;very large database;file organisation;image retrieval;indexing;vector quantisation;very large databases;Algorithms;Artificial
      Intelligence;Cluster Analysis;Image Interpretation, Computer-Assisted;Image Processing, Computer-Assisted;Information Storage and Retrieval;Models, Statistical;Pattern Recognition,
    Automated;},
  doi={10.1109/TPAMI.2010.57},
  ISSN={0162-8828}
}




@article{csr07SchaefferGraphCluster,
  title = "Graph clustering",
  journal = "Computer Science Review",
  volume = "1",
  number = "1",
  pages = "27 - 64",
  year = "2007",
  note = "",
  issn = "1574-0137",
  doi = "10.1016/j.cosrev.2007.05.001",
  url = "http://www.sciencedirect.com/science/article/pii/S1574013707000020",
  author = "Satu Elisa Schaeffer",
}


@inproceedings{cvpr08HartleyKDTree,
  author={Silpa-Anan, C. and Hartley, R.},
  booktitle={Computer Vision and Pattern Recognition, 2008. CVPR 2008. IEEE Conference on}, title={Optimised KD-trees for fast image descriptor matching},
  year={2008},
  month={june},
  volume={},
  number={},
  pages={1 -8},
  keywords={SIFT descriptors;image descriptor matching;multiple KD-trees;principal component analysis;image matching;principal component analysis;trees (mathematics);},
  doi={10.1109/CVPR.2008.4587638},
  ISSN={1063-6919}
}


@inproceedings{cvpr07PhilbinObjRetriev,
  author={Philbin, J. and Chum, O. and Isard, M. and Sivic, J. and Zisserman, A.},
  booktitle={Computer Vision and Pattern Recognition, 2007. CVPR '07. IEEE Conference on},
  title={Object retrieval with large vocabularies and fast spatial matching},
  year={2007},

  month={june},
  volume={},
  number={},
  pages={1 -8},
  keywords={Web-scale image corpora;fast spatial matching;image-feature vocabulary;large vocabularies;large-scale object retrieval system;object retrieval;quantization method;query image;query object;query performance;scalable
    methods;spatial verification stage;image matching;image retrieval;quantisation (signal);},
  doi={10.1109/CVPR.2007.383172},
  ISSN={}
}

@inproceedings{cvpr08BoimanInDefenseNN,
  author={Boiman, O. and Shechtman, E. and Irani, M.},
  booktitle={Computer Vision and Pattern Recognition, 2008. CVPR 2008. IEEE Conference on}, title={In defense of Nearest-Neighbor based image classification},
  year={2008},
  month={june},
  volume={},
  number={},
  pages={1 -8},
  keywords={image-to-class distance;image-to-image distance;local image descriptors quantization;nearest-neighbor based image classification;nonparametric based image classifiers;data
    compression;image classification;image coding;nonparametric statistics;},
  doi={10.1109/CVPR.2008.4587598},
  ISSN={1063-6919}
}

@inproceedings{cvpr06NisterSteweniusVocabTree,
  author={Nister, D. and Stewenius, H.},
  booktitle={Computer Vision and Pattern Recognition, 2006 IEEE Computer Society Conference on}, title={Scalable Recognition with a Vocabulary Tree},
  year={2006},
  month={},
  volume={2},
  number={},
  pages={ 2161 - 2168},
  keywords={},
  doi={10.1109/CVPR.2006.264},
  ISSN={1063-6919}
}

@article{ijcv04LoweSIFT,
  author = {Lowe, David G.},
  title = {Distinctive Image Features from Scale-Invariant Keypoints},
  journal = {IJCV},
  publisher = {Springer Netherlands},
  issn = {0920-5691},
  keyword = {Computer Science},
  pages = {91-110},
  volume = {60},
  issue = {2},
  url = {http://dx.doi.org/10.1023/B:VISI.0000029664.99615.94},
  note = {10.1023/B:VISI.0000029664.99615.94},
  year = {2004}
}


@inproceedings{iccv03SivicZissermanVideoGoogle,
  author={Sivic, J. and Zisserman, A.},
  booktitle={ICCV},
  title={Video Google: a text retrieval approach to object matching in videos},
  year={2003},
  month={oct.},
  volume={},
  number={},
  pages={1470 -1477 vol.2},
  keywords={Video Google;document rankings;invariant region descriptors;inverted file systems;noise reduction;object matching;object retrieval;partial occlusion;scene retrieval;text retrieval approach;unstable regions;vector
    quantization;computer vision;content-based retrieval;image matching;image representation;video signal processing;visual databases;},
  doi={10.1109/ICCV.2003.1238663},
  ISSN={}
}



@inproceedings{accv04ChumLORANSAC,
  author={O. Chum, and J. Matas, and S. Obdrzalek},
  booktitle={ACCV},
  title={Enhancing RANSAC by generalized model optimization.},
  year={2004},
  month={june},
  volume={},
  number={},
  pages={1 -8},
  ISSN={}
}


@inproceedings{cvpr04KePCASIFT,
  author={Yan Ke and Sukthankar, R.},
  booktitle={CVPR},
  title={PCA-SIFT: a more distinctive representation for local image descriptors},
  year={2004},
  month={june-2 july},
  volume={2},
  number={},
  pages={ II-506 - II-513 Vol.2},
  keywords={ image deformations; image gradient; image registration; image retrieval application; local feature detection; local image descriptor; object recognition algorithms; principal components analysis; feature extraction;
    image registration; image representation; image retrieval; object recognition; principal component analysis;},
  doi={10.1109/CVPR.2004.1315206},
  ISSN={1063-6919 }
}


@article{nas09OrlandoEquidDNA,
  title={Revising the recent evolutionary history of equids using ancient DNA},
  author={Orlando, L. and Metcalf, J.L. and Alberdi, M.T. and Telles-Antunes, M. and Bonjean, D. and Otte, M. and Martin, F. and Eisenmann, V. and Mashkour, M. and Morello, F. and others},
  journal={Proceedings of the National Academy of Sciences},
  volume={106},
  number={51},
  pages={21754--21759},
  year={2009},
  publisher={National Acad Sciences}
}
